

% ÄŤlĂˇnok v ÄŤasopise
@article{Avatar-Assistant,
    author = "Ingrid Maria Hopkins and Michael W. Gower and Trista A. Perez and Dana S. Smith and Franklin R. Amthor and F. Casey Wimsatt and Fred J. Biasini ",
    title = "Avatar Assistant: Improving Social Skills in Students with an ASD Through a Computer-Based Intervention",
    journal = "Journal of Autism and Developmental Disorders",
    volume = 41,
    year = "2.2.2011",
    pages = "1543--1555",
}

